%Hadron Formation Effects In Heavy Ion Collision
@article{abramov2021possible,
  title={Possible studies at the first stage of the NICA collider operation with polarized and unpolarized proton and deuteron beams},
  author={Abramov, VV and Aleshko, A and Baskov, VA and Boos, E and Bunichev, V and Dalkarov, OD and El-Kholy, R and Galoyan, A and Guskov, AV and Kim, VT and others},
  journal={Physics of Particles and Nuclei},
  volume={52},
  number={6},
  pages={1044--1119},
  year={2021},
  publisher={Springer}
}

%Conceptual Design Report
@article{abazov2021conceptual,
  title={Conceptual design of the spin physics detector},
  author={Abazov, VM and Abramov, V and Afanasyev, LG and Akhunzyanov, RR and Akindinov, AV and Akopov, N and Alekseev, IG and Aleshko, AM and Alexakhin, V Yu and Alexeev, GD and others},
  journal={arXiv preprint arXiv:2102.00442},
  year={2021}
}

%NICA project at JINR: status and prospects
@article{kekelidze2017nica,
  title={NICA project at JINR: status and prospects},
  author={Kekelidze, VD},
  journal={Journal of Instrumentation},
  volume={12},
  number={06},
  pages={C06012},
  year={2017},
  publisher={IOP Publishing}
}

%Spin Physics Detector project at JINR
@article{guskov2021spin,
  title={Spin Physics Detector project at JINR},
  author={Guskov, Alexey},
  journal={arXiv preprint arXiv:2110.08930},
  year={2021}
}

%On the physics potential to study the gluon content of proton
%and deuteron at NICA SPD
@article{arbuzov2021physics,
  title={On the physics potential to study the gluon content of proton and deuteron at NICA SPD},
  author={Arbuzov, A and Bacchetta, A and Butenschoen, M and Celiberto, FG and Dâ€™alesio, U and Deka, M and Denisenko, I and Echevarria, MG and Efremov, A and Ivanov, N Ya and others},
  journal={Progress in Particle and Nuclear Physics},
  volume={119},
  pages={103858},
  year={2021},
  publisher={Elsevier}
}

%Feasibility study of heavy-ion collision physics at NICA JINR
@article{kekelidze2017feasibility,
  title={Feasibility study of heavy-ion collision physics at NICA JINR},
  author={Kekelidze, V and Kovalenko, A and Lednicky, R and Matveev, V and Meshkov, I and Sorin, A and Trubnikov, G},
  journal={Nuclear Physics A},
  volume={967},
  pages={884--887},
  year={2017},
  publisher={Elsevier}
}

%NA64
@article{volkov2019straw,
  title={Straw chambers for the NA64 experiment},
  author={Volkov, V Yu and Volkov, PV and Enik, TL and Kekelidze, GD and Kramarenko, VA and Lysan, VM and Peshekhonov, DV and Solin, AA and Solin, AV},
  journal={Physics of Particles and Nuclei Letters},
  volume={16},
  number={6},
  pages={847--858},
  year={2019},
  publisher={Springer}
}

%DUNE
@article{acciarri2016long,
  title={Long-baseline neutrino facility (LBNF) and deep underground neutrino experiment (DUNE) conceptual design report, volume 4 the DUNE detectors at LBNF},
  author={Acciarri, R and Acero, MA and Adamowski, M and Adams, C and Adamson, P and Adhikari, S and Ahmad, Z and Albright, CH and Alion, T and Amador, E and others},
  journal={arXiv preprint arXiv:1601.02984},
  year={2016}
}

%Project NICA @ JINR
@article{kekelidze2013project,
  title={Project NICA at JINR},
  author={Kekelidze, Vladimir and Kovalenko, Alexander and Lednick{\`y}, Richard and Matveev, Viktor and Meshkov, Igor and Sorin, Alexander and Trubnikov, Grigory},
  journal={Nuclear Physics A},
  volume={904},
  pages={945c--948c},
  year={2013},
  publisher={Elsevier}
}
