@article{ng2021ndir,
  title={NDIR CO2 gas sensing using CMOS compatible MEMS ScAlN-based pyroelectric detector},
  author={Ng, Doris Keh Ting and Ho, Chong Pei and Xu, Linfang and Chen, Weiguo and Fu, Yuan Hsing and Zhang, Tantan and Siow, Li Yan and Jaafar, Norhanani and Ng, Eldwin Jiaqiang and Gao, Yuan and others},
  journal={Sensors and Actuators B: Chemical},
  volume={346},
  pages={130437},
  year={2021},
  publisher={Elsevier}
}

@article{ranacher2019cmos,
  title={A CMOS compatible pyroelectric mid-infrared detector based on aluminium nitride},
  author={Ranacher, Christian and Consani, Cristina and Tortschanoff, Andreas and Rauter, Lukas and Holzmann, Dominik and Fleury, Clement and Stocker, Gerald and Fant, Andrea and Schaunig, Herbert and Irsigler, Peter and others},
  journal={Sensors},
  volume={19},
  number={11},
  pages={2513},
  year={2019},
  publisher={MDPI}
}

@inproceedings{hyseni2010analysis,
  title={Analysis of MWIR infrared pyroelectric detectors parameters},
  author={Hyseni, Genc and Caka, Nebi and Hyseni, Kujtim},
  booktitle={Proceedings of the 5th WSEAS International Conference on Optics, Astrophysics, Astronomy (ICOAA â€˜10), University of Cambridge, UK},
  year={2010}
}

@article{odon2010modelling,
  title={Modelling and simulation of the pyroelectric detector using MATLAB/Simulink},
  author={Odon, Andrzej},
  journal={Measurement Science Review},
  volume={10},
  number={6},
  pages={195},
  year={2010},
  publisher={De Gruyter Poland}
}

@article{tan2020non,
  title={Non-dispersive infrared multi-gas sensing via nanoantenna integrated narrowband detectors},
  author={Tan, Xiaochao and Zhang, Heng and Li, Junyu and Wan, Haowei and Guo, Qiushi and Zhu, Houbin and Liu, Huan and Yi, Fei},
  journal={Nature communications},
  volume={11},
  number={1},
  pages={1--9},
  year={2020},
  publisher={Nature Publishing Group}
}

