@book{wittig2018amazon,
  title={Amazon web services in action},
  author={Wittig, Michael and Wittig, Andreas},
  year={2018},
  publisher={Simon and Schuster}
}

@article{mathew2014overview,
  title={Overview of amazon web services},
  author={Mathew, Sajee and Varia, J},
  journal={Amazon Whitepapers},
  year={2014}
}

@article{varia2014overview,
  title={Overview of amazon web services},
  author={Varia, Jinesh and Mathew, Sajee and others},
  journal={Amazon Web Services},
  volume={105},
  year={2014}
}

@book{mishra2017amazon,
  title={Amazon Web Services for Mobile Developers: Building Apps with AWS},
  author={Mishra, Abhishek},
  year={2017},
  publisher={John Wiley \& Sons}
}