@article{rodin2014masha,
  title={MASHA separator on the heavy ion beam for determining masses and nuclear physical properties of isotopes of heavy and superheavy elements},
  author={Rodin, AM and Belozerov, AV and Vanin, DV and Vedeneyev, V Yu and Gulyaev, AV and Gulyaeva, AV and Dmitriev, SN and Itkis, MG and Kliman, J and Kondratiev, NA and others},
  journal={Instruments and Experimental Techniques},
  volume={57},
  number={4},
  pages={386--393},
  year={2014},
  publisher={Springer}
}

@inproceedings{mamatova2019study,
  title={Study of production stability of radon and mercury isotopes in complete fusion reactions at the mass-separator MASHA by “solid hot catcher” technique},
  author={Mamatova, Meruyert and Seitkali, Assylkan and Kudaibergenova, Eleonora and Rodin, Aleksandr and Krupa, Lubos and Chernysheva, Elena and Vedeneev, Vyacheslav and Novoselov, Aleksey and Podshibyakin, Aleksandr and Salamatin, Vladimir and others},
  booktitle={AIP Conference Proceedings},
  volume={2163},
  number={1},
  pages={070002},
  year={2019},
  organization={AIP Publishing LLC}
}

@inproceedings{rodin2020features,
  title={Features of the Solid-State ISOL Method for Fusion Evaporation Reactions Induced by Heavy Ions},
  author={Rodin, AM and Chernysheva, EV and Dmitriev, SN and Gulyaev, AV and Kamas, D and Kliman, J and Krupa, L and Novoselov, AS and Oganessian, Yu Ts and Op{\'\i}chal, A and others},
  booktitle={Exotic Nuclei: Proceedings of the International Symposium on Exotic Nuclei},
  pages={437--443},
  year={2020},
  organization={World Scientific}
}

@article{rodin2014separation,
  title={Separation efficiency of the MASHA facility for short-lived mercury isotopes},
  author={Rodin, AM and Belozerov, AV and Chernysheva, EV and Dmitriev, SN and Gulyaev, AV and Gulyaeva, AV and Itkis, MG and Kliman, J and Kondratiev, NA and Krupa, L and others},
  journal={Hyperfine Interactions},
  volume={227},
  number={1},
  pages={209--221},
  year={2014},
  publisher={Springer}
}

@article{vedeneev2017current,
  title={The current status of the MASHA setup},
  author={Vedeneev, V Yu and Rodin, AM and Krupa, L and Belozerov, AV and Chernysheva, EV and Dmitriev, SN and Gulyaev, AV and Gulyaeva, AV and Kamas, D and Kliman, J and others},
  journal={Hyperfine Interactions},
  volume={238},
  number={1},
  pages={1--14},
  year={2017},
  publisher={Springer}
}

@article{georgiadis2020production,
  title={Production and spectroscopic investigation of new neutron-rich isotopes near the neutron N= 126 shell closure using the multinucleon transfer reactions},
  author={Georgiadis, Bc Filippos},
  year={2020}
}

@article{kulikov2020production,
  title={Production and spectroscopic investigation of new neutron-rich isotopes near the neutron N= 126 shell closure using the multinucleon transfer reactions},
  author={Kulikov, I and Vedeneev, V},
  year={2020}
}